@inproceedings{DBLP:conf/sle/ErdwegSVBBCGHKLKMPPSSSVVVWW13,
  author    = {Sebastian Erdweg and
               Tijs van der Storm and
               Markus V{\"{o}}lter and
               Meinte Boersma and
               Remi Bosman and
               William R. Cook and
               Albert Gerritsen and
               Angelo Hulshout and
               Steven Kelly and
               Alex Loh and
               Gabri{\"{e}}l D. P. Konat and
               Pedro J. Molina and
               Martin Palatnik and
               Risto Pohjonen and
               Eugen Schindler and
               Klemens Schindler and
               Riccardo Solmi and
               Vlad A. Vergu and
               Eelco Visser and
               Kevin van der Vlist and
               Guido Wachsmuth and
               Jimi van der Woning},
  editor    = {Martin Erwig and
               Richard F. Paige and
               Eric Van Wyk},
  title     = {The State of the Art in Language Workbenches - Conclusions from the
               Language Workbench Challenge},
  booktitle = {Software Language Engineering - 6th International Conference, {SLE}
               2013, Indianapolis, IN, USA, October 26-28, 2013. Proceedings},
  series    = {Lecture Notes in Computer Science},
  volume    = {8225},
  pages     = {197--217},
  publisher = {Springer},
  year      = {2013},
  url       = {https://doi.org/10.1007/978-3-319-02654-1\_11},
  doi       = {10.1007/978-3-319-02654-1\_11},
  timestamp = {Sun, 02 Oct 2022 16:15:33 +0200},
  biburl    = {https://dblp.org/rec/conf/sle/ErdwegSVBBCGHKLKMPPSSSVVVWW13.bib},
  bibsource = {dblp computer science bibliography, https://dblp.org}
}
